

@article{breusch-1978-testin-autoc,
  author =	 {T. S. BREUSCH},
  title =	 {Testing for Autocorrelation in Dynamic Linear
                  Models*},
  journal =	 {Australian Economic Papers},
  volume =	 17,
  number =	 31,
  pages =	 {334-355},
  year =	 1978,
  doi =		 {10.1111/j.1467-8454.1978.tb00635.x},
  url =
                  {http://dx.doi.org/10.1111/j.1467-8454.1978.tb00635.x},
  DATE_ADDED =	 {Mon Jul 1 17:58:45 2024},
}

