/home/marcos/CloudStation/CopiaRepositorios/docencia/trunk/Econometria/Version0/ref.bib